@BOOK{gonzalez_1,
AUTHOR    = "R. Gonzalez, R. Woods",
TITLE     = "Digital Image Processing",
PUBLISHER = "Prentice Hall",
EDITION   = "2nd",
YEAR      = 2002}

@BOOK{hormander_1,
AUTHOR    = "L. HÃ¶rmander",
TITLE     = "The Analysis of Linear Partial Differential Operators I, (Distribution theory and Fourier Analysis)",
PUBLISHER = "Springer-Verlag",
EDITION   = "2nd",
YEAR      = 1990}

@BOOK{jones_1,
AUTHOR    = "F. Jones",
TITLE     = "Lebesgue Integration on Euclidean Space",
PUBLISHER = "Jones \& Bartlett Publishers",
YEAR      = 2000,
NOTE      = "\texttt{http://books.google.com/books?hl=en\&id=3U7tresTD1AC}"}

@BOOK{ritter_1,
AUTHOR    = "G. Ritter, J. Wilson",
TITLE     = "Computer Vison Algorithms in Image Analysis",
PUBLISHER = "CRC Press",
EDITION   = "2nd",
YEAR      = 2001}

@BOOK{rudin_1,
AUTHOR    = "W. Rudin",
TITLE     = "Real and Complex Analysis",
PUBLISHER = "McGraw Hill",
YEAR      = 1974}

@BOOK{yeh_1,
AUTHOR    = "J. Yeh",
TITLE     = "Real Analysis: Theory of Measure and Integration",
PUBLISHER = "World Scientific",
YEAR      = 2006}
